@manual{sample,
  author = {TU Dortmund},
  title = {Versuchsanleitung Br√ºckenschaltungen},
  
}
